@inproceedings{wiggins2011conservation,
  title={From conservation to crowdsourcing: A typology of citizen science},
  author={Wiggins, Andrea and Crowston, Kevin},
  booktitle={System Sciences (HICSS), 2011 44th Hawaii international conference on},
  pages={1--10},
  year={2011},
  organization={IEEE}
}
